%% This BibTeX bibliography file was created using BibDesk.
%% http://bibdesk.sourceforge.net/
  
  
  %% Created for Lauro Cesar Araujo at 2015-04-27 19:43:45 -0300 


%% Saved with string encoding Unicode (UTF-8) 


@book{sicsu2010credit,
  title={Credit Scoring: desenvolvimento, implanta{\c{c}}{\~a}o, acompanhamento},
  author={Sics{\'u}, Abraham Laredo},
  year={2010},
  publisher={Blucher}
}

@book{hilbe2016practical,
  title={Practical guide to logistic regression},
  author={Hilbe, Joseph M},
  year={2016},
  publisher={crc Press}
}

@book{goodfellow2016deep,
  title={Deep learning},
  author={Goodfellow, Ian and Bengio, Yoshua and Courville, Aaron},
  year={2016},
  publisher={MIT press}
}

@book{hosmer2013applied,
  title={Applied logistic regression},
  author={Hosmer Jr, David W and Lemeshow, Stanley and Sturdivant, Rodney X},
  volume={398},
  year={2013},
  publisher={John Wiley \& Sons}
}

@article{abreu2022cea,
  title={Apostila CEA},
  author={Abreu, Edgar},
  year={2022}
}

@misc{machine22,
  author = {An Introduction To Machine Learning},
  year = {2022},
  url = {https://becominghuman.ai/an-introduction-to-machine-learning-7db04da817c4},
  note = {Acesso em 26 de novembro de 2022}
}

@misc{logistic22,
  author = {An Introduction To Machine Learning},
  year = {2022},
  url = {https://aprenderdatascience.com/regressao-logistica/},
  note = {Acesso em 26 de novembro de 2022}
}

@article{charnet2008analise,
  title={An{\'a}lise de modelos de regress{\~a}o linear com aplica{\c{c}}{\~o}es},
  author={Charnet, Reinaldo and Freire, CA de L and Charnet, Eug{\^e}nia MR and Bonvino, Heloisa and others},
  journal={Editora da Unicamp},
  year={2008}
}

@book{bolfarine2010introduccao,
  title={Introdu{\c{c}}{\~a}o {\`a} infer{\^e}ncia estat{\'\i}stica},
  author={Bolfarine, Heleno and Sandoval, M{\^o}nica Carneiro},
  volume={2Âª ed.},
  year={2010},
  publisher={SBM}
}

@article{hauck1977wald,
  title={Wald's test as applied to hypotheses in logit analysis},
  author={Hauck Jr, Walter W and Donner, Allan},
  journal={Journal of the american statistical association},
  volume={72},
  number={360a},
  pages={851--853},
  year={1977},
  publisher={Taylor \& Francis}
}







